@inproceedings{AbuRajab:2006:MAU:1177080.1177086,
 author = {Moheeb Abu Rajab and Jay Zarfoss and Fabian Monrose and Andreas Terzis},
 title = {A Multifaceted Approach to Understanding the Botnet Phenomenon},
 booktitle = {Proceedings of the 6th ACM SIGCOMM Conference on Internet Measurement},
 series = {IMC '06},
 year = {2006},
 isbn = {1-59593-561-4},
 location = {Rio de Janeriro, Brazil},
 pages = {41--52},
 numpages = {12},
 url = {http://0-doi.acm.org.opac.library.csupomona.edu/10.1145/1177080.1177086},
 doi = {10.1145/1177080.1177086},
 acmid = {1177086},
 publisher = {ACM},
 address = {New York, NY, USA},
 keywords = {botnets, computer security, malware, network security},
}

@inproceedings{Zhao:2012:CPM:2420950.2420968,
 author = {Shuang Zhao and Patrick P. C. Lee and John C. S. Lui and Guan and Ma, Xiaobo and Tao, Jing},
 title = {Cloud-based Push-styled Mobile Botnets: A Case Study of Exploiting the Cloud to Device Messaging Service},
 booktitle = {Proceedings of the 28th Annual Computer Security Applications Conference},
 series = {ACSAC '12},
 year = {2012},
 isbn = {978-1-4503-1312-4},
 location = {Orlando, Florida},
 pages = {119--128},
 numpages = {10},
 url = {http://0-doi.acm.org.opac.library.csupomona.edu/10.1145/2420950.2420968},
 doi = {10.1145/2420950.2420968},
 acmid = {2420968},
 publisher = {ACM},
 address = {New York, NY, USA},
}

@article{botnet-taxonomy,
 author = {Rodr\'{\i}guez-G\'{o}mez, Rafael A. and Maci\'{a}-Fern\'{a}ndez, Gabriel and Garc\'{\i}a-Teodoro, Pedro},
 title = {Survey and Taxonomy of Botnet Research Through Life-cycle},
 journal = {ACM Comput. Surv.},
 issue_date = {August 2013},
 volume = {45},
 number = {4},
 month = aug,
 year = {2013},
 issn = {0360-0300},
 pages = {45:1--45:33},
 articleno = {45},
 numpages = {33},
 url = {http://0-doi.acm.org.opac.library.csupomona.edu/10.1145/2501654.2501659},
 doi = {10.1145/2501654.2501659},
 acmid = {2501659},
 publisher = {ACM},
 address = {New York, NY, USA},
 keywords = {Attack, botnet, defense, detection, survey, taxonomy},
}

@InProceedings{info-hiding,
  author =   {Petitcolas, Fabien A. P. and Anderson, R. J. and Kuhn, M. G.},
  title =    {Information Hiding --- A Survey},
  booktitle = {Proceedings of the IEEE},
  pages =    {1062-1078},
  year =     {1999},
  volume =   {87},
  number =   {7},
  month =    {July}
}

@Misc{twittersec,
  howpublished = {Twitter, Inc. Form S-1, from Securities Exchange Commission website,
                     \url{http://www.sec.gov/Archives/edgar/data/1418091/000119312513390321/d564001ds1.htm},
                     accessed December 12th, 2013.}
}

@Misc{realboy,
  author = 	 {Zack Coburn and Greg Marra},
  title = 	 {Realboy: believable twitter bots},
  howpublished = {\url{http://ca.olin.edu/2008/realboy/index.html}},
  OPTyear = 	 {2008}
}

@Article{twitter-botnet,
  author = 	 {Ashutosh Singh and Annie H. Toderici and Kevin Ross and Mark Stamp},
  title = 	 {Social Networking for Botnet Command and Control},
  journal = 	 {International Journal of Computer Network and Information Security},
  year = 	 {2013},
  volume = 	 {6},
  pages = 	 {11-17},
  month = 	 {May}
}

@Book{steganalysis,
  author = 	 {Rainer B{\"o}hme},
  title = 	 {Advanced Statistical Steganalysis},
  publisher = 	 {Springer},
  year = 	 {2010},
  month = 	 {August}
}

@Book{nostega,
  author = 	 {Abdelrahman Desoky},
  title = 	 {Noiseless Steganography: The Key to Covert Communications},
  publisher = 	 {CRC Press},
  year = 	 {2012},
  month = 	 {February}
}

@MISC{anon_terminology,
	author = {Pfitzmann, Andreas and Hansen, Marit},
	title = {A terminology for talking about privacy by data minimization:
		Anonymity, Unlinkability, Undetectability, Unobservability,
		Pseudonymity, and Identity Management},
	month = aug,
	year = 2010,
	note = {v0.34},
	abstract = {Based on the nomenclature of the early papers in the field
		privacy by data minimization, we develop a terminology which is both
		expressive and precise.} #
		{ More particularly, we define anonymity, unlinkability, linkability,
		undetectability, unobservability, pseudonymity (pseudonyms and digital
		pseudonyms, and their attributes), identifiability, identity, partial
		identity, digital identity and identity management.} #
		{ In addition, we describe the relationships between these terms, give a
		rationale why we define them as we do, and sketch the main mechanisms to
		provide for the properties defined.},
	keywords = {anonymity, computer-mediated-communication, cyberspace, identity,
		internet, pseudonymity, terminology, undetectability, unlinkability,
		unobservability, privacy, data minimization},
	bibsource    = {http://dud.inf.tu-dresden.de/literatur/Anon\_Terminology\_v0.34.bib},
	url          = {http://dud.inf.tu-dresden.de/literatur/Anon\_Terminology\_v0.34.pdf},
	howpublished = {http://dud.inf.tu-dresden.de/literatur/Anon\_Terminology\_v0.34.pdf},
}

@MISC{fips-199,
    author = {Donald L. Evans and Phillip J. Bond and Arden L. Bement},
    title = {Federal Information Processing Standards Publication: Standards for Security Categorization of Federal Information and Information Systems},
    year = {2004},
    month = {February}
}

@Misc{fips-180,
  author = 	 {John Bryson and Patrick Gallagher},
  title = 	 {Federal Information Processing Standards Publication: Secure Hash Standard (SHS)},
  month = 	 {March},
  year = 	 {2012}
}

@Book{comp-sec,
  author = 	 {William Stallings and Lawrie Brown},
  title = 	 {Computer Security: Principles and Practice},
  publisher = 	 {Pearson},
  year = 	 {2012},
  edition = 	 {2}
}

@inproceedings{prisoner-problem,
  title={The Prisoners' Problem and the Subliminal Channel},
  booktitle={Advances in Cryptology: Proceedings of CRYPTO '83},
  publisher={Plenum},
  pages={51-67},
  author={Gustavus J. Simmons},
  year=1983
}

@inproceedings{moving-stego-lab-real,
 author = {Ker, Andrew D. and Bas, Patrick and B\"{o}hme, Rainer and Cogranne, R{\'e}mi and Craver, Scott and Filler, Tom\'{a}\v{s} and Fridrich, Jessica and Pevn\'{y}, Tom\'{a}\v{s}},
 title = {Moving Steganography and Steganalysis from the Laboratory into the Real World},
 booktitle = {Proceedings of the First ACM Workshop on Information Hiding and Multimedia Security},
 series = {IH\&\#38;MMSec '13},
 year = {2013},
 isbn = {978-1-4503-2081-8},
 location = {Montpellier, France},
 pages = {45--58},
 numpages = {14},
 url = {http://0-doi.acm.org.opac.library.csupomona.edu/10.1145/2482513.2482965},
 doi = {10.1145/2482513.2482965},
 acmid = {2482965},
 publisher = {ACM},
 address = {New York, NY, USA},
 keywords = {game theory, minimal distortion, optimal detection, security models, steganalysis, steganography},
}

@inproceedings{predictable-rain,
 author = {Carnein, Matthias and Sch\"{o}ttle, Pascal and B\"{o}hme, Rainer},
 title = {Predictable Rain?: Steganalysis of Public-key Steganography Using Wet Paper Codes},
 booktitle = {Proceedings of the 2Nd ACM Workshop on Information Hiding and Multimedia Security},
 series = {IH\&\#38;MMSec '14},
 year = {2014},
 isbn = {978-1-4503-2647-6},
 location = {Salzburg, Austria},
 pages = {97--108},
 numpages = {12},
 url = {http://0-doi.acm.org.opac.library.csupomona.edu/10.1145/2600918.2600942},
 doi = {10.1145/2600918.2600942},
 acmid = {2600942},
 publisher = {ACM},
 address = {New York, NY, USA},
 keywords = {public-key steganography, weighted stego-image steganalysis, wet paper codes},
}

@inproceedings{public-key-stego,
  title={Public-key steganography},
  author={Von Ahn, Luis and Hopper, Nicholas J},
  booktitle={Advances in Cryptology-EUROCRYPT 2004},
  pages={323--341},
  year={2004},
  organization={Springer}
}

@incollection{sec-meas-stego,
year={2004},
isbn={978-3-540-22217-0},
booktitle={Applied Cryptography and Network Security},
volume={3089},
series={Lecture Notes in Computer Science},
editor={Jakobsson, Markus and Yung, Moti and Zhou, Jianying},
doi={10.1007/978-3-540-24852-1_14},
title={Security Measurements of Steganographic Systems},
url={http://dx.doi.org/10.1007/978-3-540-24852-1_14},
publisher={Springer Berlin Heidelberg},
author={Zhang, Weiming and Li, Shiqu},
pages={194-204}
}

@ARTICLE{limits-stego,
author={Anderson, R.J. and Petitcolas, Fabien A P},
journal={Selected Areas in Communications, IEEE Journal on},
title={On the limits of steganography},
year={1998},
month={May},
volume={16},
number={4},
pages={474-481},
keywords={acoustic signal processing;audio signals;copyright;cryptography;data encapsulation;video signal processing;covertness;digital audio;digital video;encrypted copyright marks;information hiding schemes;parity checks;public key information hiding;public key steganography;secrecy;serial numbers;steganography;traffic security;Copyright protection;Data compression;Image registration;Information security;Parity check codes;Public key;Public key cryptography;Spread spectrum communication;Steganography;Terminology},
doi={10.1109/49.668971},
ISSN={0733-8716},}

@inproceedings{square-root-stego-capacity,
 author = {Ker, Andrew D. and Pevn\'{y}, Tom\'{a}\v{s} and Kodovsk\'{y}, Jan and Fridrich, Jessica},
 title = {The Square Root Law of Steganographic Capacity},
 booktitle = {Proceedings of the 10th ACM Workshop on Multimedia and Security},
 series = {MM \& Sec '08},
 year = {2008},
 isbn = {978-1-60558-058-6},
 location = {Oxford, United Kingdom},
 pages = {107--116},
 numpages = {10},
 url = {http://0-doi.acm.org.opac.library.csupomona.edu/10.1145/1411328.1411349},
 doi = {10.1145/1411328.1411349},
 acmid = {1411349},
 publisher = {ACM},
 address = {New York, NY, USA},
 keywords = {benchmarking, steganalysis, steganographic capacity, steganography}
}

@Article{kerckhoffs,
  author = 	 {Auguste Kerckhoffs},
  title = 	 {La Cryptographie Militaire},
  journal = 	 {Journal des Sciences Militaires},
  year = 	 {1883},
  volume = 	 {5},
  number = 	 {38},
  pages = 	 {161-191}
}

@incollection{perturbation-batch-stego,
 author = {Andrew D. Ker},
 title = {Perturbation Hiding and the Batch Steganography Problem},
 booktitle = {Information Hiding},
 editor = {Solanki, Kaushal and Sullivan, Kenneth and Madhow, Upamanyu},
 year = {2008},
 isbn = {978-3-540-88960-1},
 pages = {45--59},
 numpages = {15},
 url = {http://dx.doi.org/10.1007/978-3-540-88961-8_4},
 doi = {10.1007/978-3-540-88961-8_4},
 acmid = {1479933},
 publisher = {Springer-Verlag},
 address = {Berlin, Heidelberg}
}

@inproceedings{batch-stego,
 author = {Ker, Andrew D.},
 title = {Batch Steganography and Pooled Steganalysis},
 booktitle = {Proceedings of the 8th International Conference on Information Hiding},
 series = {IH'06},
 year = {2007},
 isbn = {978-3-540-74123-7},
 location = {Alexandria, VA, USA},
 pages = {265--281},
 numpages = {17},
 url = {http://dl.acm.org/citation.cfm?id=1759048.1759068},
 acmid = {1759068},
 publisher = {Springer-Verlag},
 address = {Berlin, Heidelberg}
}

@INPROCEEDINGS{botnet-ecosystem,
author={Kok, Jan and Kurz, Bernhard},
booktitle={Telecommunication, Media and Internet Techno-Economics (CTTE), 10th Conference of},
title={Analysis of the BotNet Ecosystem},
year={2011},
month={May},
pages={1-10},
keywords={Business;Ecosystems;Malware;Mobile communication;Mobile computing;Servers;Software}
}

@INPROCEEDINGS{botnet-defense-formal,
author={Lei Cao and Xiaofeng Qiu},
booktitle={Networking, Architecture and Storage (NAS), 2013 IEEE Eighth International Conference on},
title={Defence against Botnets: A Formal Definition and a General Framework},
year={2013},
month={July},
pages={237-241},
keywords={invasive software;DDoS;botmaster;botnets;bots;click fraud;command-and-control mechanism;distributed denial-of-service;formal definition;general framework;spam;Grippers;Internet;Malware;Protocols;Repeaters;Servers;Topology;botnet;formal definition;framework},
doi={10.1109/NAS.2013.37}
}

@INPROCEEDINGS{botnet-survey,
author={Chao Li and Wei Jiang and Xin Zou},
booktitle={Innovative Computing, Information and Control (ICICIC), 2009 Fourth International Conference on},
title={Botnet: Survey and Case Study},
year={2009},
month={Dec},
pages={1184-1187},
keywords={Internet;security of data;software tools;IRC-based SpyBot;botnet detection;communication protocols;control system;Chaotic communication;Command and control systems;Computer networks;Computer worms;Control systems;Electronic mail;Information security;Internet;Peer to peer computing;Protocols},
doi={10.1109/ICICIC.2009.127}
}

@INPROCEEDINGS{botnet-new-p2p,
author={Donghong Sun and Xuefeng Li and Wu Liu and Jianping Wu},
booktitle={Cybercrime and Trustworthy Computing Workshop (CTC), 2010 Second},
title={The New Architecture of P2P-Botnet},
year={2010},
month={July},
pages={34-40},
keywords={command and control systems;computer crime;peer-to-peer computing;P2P-Botnet architecture;central-controlled botnets;command-and-control mechanism;control mechanisms;cyber attacks;running functions;Command and control systems;Computer architecture;Cryptography;Internet;Protocols;Servers;Command-and-Control;P2P-conctrolled;P2Pbotnet;architecture},
doi={10.1109/CTC.2010.16}
}

@INPROCEEDINGS{botnet-centralized-detection,
author={Tao Wang and Shun-zheng Yu},
booktitle={Parallel and Distributed Processing with Applications, 2009 IEEE International Symposium on},
title={Centralized Botnet Detection by Traffic Aggregation},
year={2009},
month={Aug},
pages={86-93},
keywords={computer networks;synchronisation;telecommunication control;telecommunication network topology;telecommunication traffic;transport protocols;HTTP;botnet controllers;centralized Botnet detection;command-and-control traffic;customized protocols;payload similarity;real-time communication platform;sequence correlation;synchronization;traffic aggregation;unwanted traffic control;Centralized control;Command and control systems;Communication system traffic control;Distributed processing;Internet;Large-scale systems;Peer to peer computing;Performance evaluation;Protocols;Sun;Bot;Centralized Botnet;Command and Control(C&C);Similarity and Synchronization},
doi={10.1109/ISPA.2009.74}
}

@INPROCEEDINGS{botnet-hierarchical,
author={Wu, Zhaofeng and Zhou, Haigang and Yu, Zhefu},
booktitle={Conference Anthology, IEEE},
title={A novel hierarchical botnet model},
year={2013},
month={Jan},
pages={1-5},
keywords={Analytical models;Computational modeling;Mathematical model;Network topology;Ports (Computers);Simulation;Topology;Botnet;hierachical structure;network security;small world},
doi={10.1109/ANTHOLOGY.2013.6784723}
}

@INPROCEEDINGS{botnet-systematic-p2p,
author={Ping Wang and Lei Wu and Aslam, B. and Zou, C.C.},
booktitle={Computer Communications and Networks, 2009. ICCCN 2009. Proceedings of 18th Internatonal Conference on},
title={A Systematic Study on Peer-to-Peer Botnets},
year={2009},
month={Aug},
pages={1-8},
keywords={Internet;peer-to-peer computing;protocols;telecommunication security;Internet;P2P protocols;centralized command and control;communication protocols;computers network;index poisoning technique;peer-to-peer botnets;sybil attack;Command and control systems;Computer architecture;Computer networks;Counting circuits;Internet;Network servers;Peer to peer computing;Performance analysis;Protocols;Web server},
doi={10.1109/ICCCN.2009.5235360},
ISSN={1095-2055}
}

@INPROCEEDINGS{botnet-new-terminology,
author={Upadhyaya, A. and Jayaswal, D. and Yadav, S.},
booktitle={Emerging Trends in Networks and Computer Communications (ETNCC), 2011 International Conference on},
title={Botnet: A new network terminology},
year={2011},
month={April},
pages={424-428},
keywords={Internet;computer network security;invasive software;Botnet;Internet;financial gain;hacker community recognition;intrusion detection;malicious activity;malicious software;malware;network attack;network security;proactive method;reactive method;remote control bot application;Computer architecture;Computer crime;Computers;Internet;Protocols;Servers;Botnet;C&C architecture},
doi={10.1109/ETNCC.2011.6255936}
}

@INPROCEEDINGS{botnet-p2p-deeper,
author={Dittrich, D. and Dietrich, S.},
booktitle={Malicious and Unwanted Software, 2008. MALWARE 2008. 3rd International Conference on},
title={P2P as botnet command and control: A deeper insight},
year={2008},
month={Oct},
pages={41-48},
keywords={invasive software;peer-to-peer computing;protocols;HTTP;IRC;Nugache P2P botnet;botnet command;clear-text protocols;distributed malicious software networks;peer-to-peer file sharing networks;Command and control systems;Computer science;Delay;Laboratories;Peer to peer computing;Physics;Proposals;Protocols;Scalability;Storms},
doi={10.1109/MALWARE.2008.4690856}
}

@INPROCEEDINGS{botnet-cc-mechanisms,
author={Zeidanloo, H.R. and Manaf, A.A.},
booktitle={Computer and Electrical Engineering, 2009. ICCEE '09. Second International Conference on},
title={Botnet Command and Control Mechanisms},
year={2009},
month={Dec},
volume={1},
pages={564-568},
keywords={invasive software;BotMaster;Botnet command mechanisms;HTTP protocols;IRC protocols;P2P protocols;SPAM;commond-and-control infrastructure;compromised computers;cyber attacks;distributed denial-of-service attacks;network assets;organization properties;Command and control systems;Computer crime;Computer science;Distributed computing;Electronic mail;Information systems;Internet;Protection;Turing machines;Unsolicited electronic mail;P2P;bot;botnet;centralized;decentralized},
doi={10.1109/ICCEE.2009.151}
}

@misc{dialogue-system,
  title={Designing an intelligent dialogue system for serious games},
  author={Dernoncourt, Franck},
  year={2012}
}

@inproceedings{stegobot,
  title={Stegobot: a covert social network botnet},
  author={Nagaraja, Shishir and Houmansadr, Amir and Piyawongwisal, Pratch and Singh, Vijit and Agarwal, Pragya and Borisov, Nikita},
  booktitle={Information Hiding},
  pages={299--313},
  year={2011},
  organization={Springer}
}

@inproceedings{stegobot-detect,
 author = {Natarajan, V. and Sheen, Shina and Anitha, R.},
 title = {Detection of StegoBot: A Covert Social Network Botnet},
 booktitle = {Proceedings of the First International Conference on Security of Internet of Things},
 series = {SecurIT '12},
 year = {2012},
 isbn = {978-1-4503-1822-8},
 location = {Kollam, India},
 pages = {36--41},
 numpages = {6},
 url = {http://0-doi.acm.org.opac.library.csupomona.edu/10.1145/2490428.2490433},
 doi = {10.1145/2490428.2490433},
 acmid = {2490433},
 publisher = {ACM},
 address = {New York, NY, USA},
 keywords = {image entropy, command, control channel, covert channel, stegobot}
}

@INPROCEEDINGS{socellbot,
author={Faghani, M.R. and Uyen Trang Nguyen},
booktitle={Electrical Computer Engineering (CCECE), 2012 25th IEEE Canadian Conference on},
title={Socellbot: A new botnet design to infect smartphones via online social networking},
year={2012},
month={April},
pages={1-5},
keywords={mobile computing;security of data;smart phones;social networking (online);OSN messaging systems;Socellbot;botnet design;cellular botnet;mobile botnets;online social networking;smartphones;Command and control systems;Malware;Mobile communication;Simulation;Smart phones;Social network services;Topology;Network security;cellular botnet;malware;mobile botnet;online social networking},
doi={10.1109/CCECE.2012.6334962},
ISSN={0840-7789}
}

%%%%%%%%%%%%%%%%%%%%%%%%%%%%%%%%%%%
% NLG
%%%%%%%%%%%%%%%%%%%%%%%%%%%%%%%%%%%

@INPROCEEDINGS{6033329,
author={Ito, N. and Hagiwara, M.},
booktitle={Neural Networks (IJCNN), The 2011 International Joint Conference on},
title={Natural language generation using automatically constructed lexical resources},
year={2011},
month={July},
pages={980-987},
keywords={Hebbian learning;natural language processing;neural nets;Google N-gram data;Hebb learning rule;Kyoto University;automatically constructed lexical resources;case frame data;co-occurence frequency;conversation ability;natural language generation method;natural language processing;neural network research;Associative memory;Computer aided software engineering;Estimation;Google;Grammar;Natural languages;Semantics},
doi={10.1109/IJCNN.2011.6033329},
ISSN={2161-4393}
}

@INPROCEEDINGS{755351,
author={Mellish, C.},
booktitle={Speech and Language Engineering - State of the Art (Ref. No. 1998/499), IEE Colloquium on},
title={Natural language generation},
year={1998},
month={Nov},
pages={5/1-5/5},
keywords={natural languages;NLG;expert systems;grammatical forms;linguistic possibilities;mail merge;natural language generation;non linguistic data source;numerical data;radio weather reports;reasoning;speech generation},
doi={10.1049/ic:19980959}
}

@INPROCEEDINGS{6721589,
author={Curry, J. and Weihang Zhu and Craig, B. and Turpin, L. and Bokhari, M. and Mhasavekar, P.},
booktitle={Simulation Conference (WSC), 2013 Winter},
title={Using a natural language generation approach to document simulation results},
year={2013},
month={Dec},
pages={2116-2126},
keywords={decision making;document handling;natural language processing;simulation;software prototyping;NLG approach;decision making;document simulation;natural language generation;prototype software system;Analytical models;Data analysis;Data models;Postal services;Prototypes;Simulation;Software},
doi={10.1109/WSC.2013.6721589}
}

@INPROCEEDINGS{1198861,
author={Liu, F.-H. and Liang Gu and Yuqing Gao and Picheny, Michael},
booktitle={Acoustics, Speech, and Signal Processing, 2003. Proceedings. (ICASSP '03). 2003 IEEE International Conference on},
title={Use of statistical N-gram models in natural language generation for machine translation},
year={2003},
month={April},
volume={1},
pages={I-636-I-639 vol.1},
keywords={language translation;maximum entropy methods;natural language interfaces;speech processing;speech recognition;statistical analysis;BLEU;Chinese-to-English translation task;in-domain utterances;inflection;interpolated language model;language modeling;language models;machine translation;maximum entropy;natural language generation;postprocessing step;recognition performance;semantic representation;speech recognizer;speech-to-speech translation system;statistical N-gram models;synonym;target language sentence;Data mining;Entropy;Globalization;Internet;Natural languages;Scheduling;Speech processing;Speech recognition;Speech synthesis;Switches},
doi={10.1109/ICASSP.2003.1198861},
ISSN={1520-6149}
}

@inproceedings{Dannells:2010:ASF:1873738.1873762,
 author = {Dann{\'e}lls, Dana},
 title = {Applying Semantic Frame Theory to Automate Natural Language Template Generation from Ontology Statements},
 booktitle = {Proceedings of the 6th International Natural Language Generation Conference},
 series = {INLG '10},
 year = {2010},
 location = {Trim, Co. Meath, Ireland},
 pages = {179--183},
 numpages = {5},
 url = {http://0-dl.acm.org.opac.library.csupomona.edu/citation.cfm?id=1873738.1873762},
 acmid = {1873762},
 publisher = {Association for Computational Linguistics},
 address = {Stroudsburg, PA, USA}
}

@ARTICLE{5382512,
author={Kacprzyk, J. and Zadrozny, S.},
journal={Fuzzy Systems, IEEE Transactions on},
title={Computing With Words Is an Implementable Paradigm: Fuzzy Queries, Linguistic Data Summaries, and Natural-Language Generation},
year={2010},
month={June},
volume={18},
number={3},
pages={461-472},
keywords={computational linguistics;data mining;fuzzy set theory;natural language processing;query processing;computational linguistics;computing-with-words paradigm;fuzzy database queries;fuzzy logic;fuzzy queries;knowledge-discovery tool;linguistic data summaries;linguistic data summary;natural-language generation;natural-language processing;natural-language understanding;Computational linguistics;computing with words (CWW);data mining;fuzzy logic;fuzzy query;linguistic summarization;natural-language generation (NLG);protoform},
doi={10.1109/TFUZZ.2010.2040480},
ISSN={1063-6706}
}

@INPROCEEDINGS{6335748,
author={Matheson, D. and Coghill, G.M. and Sripada, S.},
booktitle={Computational Intelligence (UKCI), 2012 12th UK Workshop on},
title={Integrating natural language generation and model-based reasoning for explanation generation},
year={2012},
month={Sept},
pages={1-7},
keywords={expert systems;explanation;inference mechanisms;natural language processing;NLG systems;expert systems;explanation generation;external reasoning;first-principle knowledge source;knowledge compilation;model-based reasoning articulation;natural language generation engine;natural language justification;problem domain;Cognition;Context;Data models;Expert systems;Inference mechanisms;Natural languages;Ontologies},
doi={10.1109/UKCI.2012.6335748}
}

@INPROCEEDINGS{6131239,
author={Arguello, M. and Des, J. and Fernandez-Prieto, M. J. and Perez, R. and Lekkas, S.},
booktitle={Computer Modeling and Simulation (EMS), 2011 Fifth UKSim European Symposium on},
title={An Ontology-Based Approach to Natural Language Generation from Coded Data in Electronic Health Records},
year={2011},
month={Nov},
pages={366-371},
keywords={knowledge representation languages;medical information systems;natural language processing;ontologies (artificial intelligence);HL7 clinical document architecture;OWL;SPARQL SELECT queries;content expression;content selection;electronic health records;expressive domain ontologies;formal semantic representation;linguistic representations;natural language generation technique;ontology-based approach;reverse problem;History;Medical services;OWL;Ontologies;Planning;Semantics;Terminology;Electronic Health Record;HL7 CDA;Natural Language Generation;OWL;Ontology;SPARQL;Semantic Web},
doi={10.1109/EMS.2011.47}
}

@inproceedings{Strzalkowski:1990:INL:997939.997999,
 author = {Strzalkowski, Tomek},
 title = {How to Invert a Natural Language Parser into an Efficient Generator: An Algorithm for Logic Grammars},
 booktitle = {Proceedings of the 13th Conference on Computational Linguistics - Volume 2},
 series = {COLING '90},
 year = {1990},
 location = {Helsinki, Finland},
 pages = {347--352},
 numpages = {6},
 url = {http://0-dx.doi.org.opac.library.csupomona.edu/10.3115/997939.997999},
 doi = {10.3115/997939.997999},
 acmid = {997999},
 publisher = {Association for Computational Linguistics},
 address = {Stroudsburg, PA, USA},
}

@inproceedings{Tarau:2009:EDD:1599410.1599432,
 author = {Tarau, Paul},
 title = {An Embedded Declarative Data Transformation Language},
 booktitle = {Proceedings of the 11th ACM SIGPLAN Conference on Principles and Practice of Declarative Programming},
 series = {PPDP '09},
 year = {2009},
 isbn = {978-1-60558-568-0},
 location = {Coimbra, Portugal},
 pages = {171--182},
 numpages = {12},
 url = {http://0-doi.acm.org.opac.library.csupomona.edu/10.1145/1599410.1599432},
 doi = {10.1145/1599410.1599432},
 acmid = {1599432},
 publisher = {ACM},
 address = {New York, NY, USA},
 keywords = {computational mathematics, dag and hypergraph encodings, digraph, functions and permutations, goedel numberings, hereditarily finite sets, pairing functions, prolog data representations, ranking/unranking bijections},
}

@article{Frost:2006:RNL:1177352.1177353,
 author = {Frost, Richard A.},
 title = {Realization of Natural Language Interfaces Using Lazy Functional Programming},
 journal = {ACM Comput. Surv.},
 issue_date = {2006},
 volume = {38},
 number = {4},
 month = dec,
 year = {2006},
 issn = {0360-0300},
 articleno = {11},
 url = {http://0-doi.acm.org.opac.library.csupomona.edu/10.1145/1177352.1177353},
 doi = {10.1145/1177352.1177353},
 acmid = {1177353},
 publisher = {ACM},
 address = {New York, NY, USA},
 keywords = {Montague grammar, Natural-language interfaces, computational linguistics, higher-order functions, lazy functional programming},
}

@inproceedings{Lu:2009:NLG:1699510.1699563,
 author = {Lu, Wei and Ng, Hwee Tou and Lee, Wee Sun},
 title = {Natural Language Generation with Tree Conditional Random Fields},
 booktitle = {Proceedings of the 2009 Conference on Empirical Methods in Natural Language Processing: Volume 1 - Volume 1},
 series = {EMNLP '09},
 year = {2009},
 isbn = {978-1-932432-59-6},
 location = {Singapore},
 pages = {400--409},
 numpages = {10},
 url = {http://0-dl.acm.org.opac.library.csupomona.edu/citation.cfm?id=1699510.1699563},
 acmid = {1699563},
 publisher = {Association for Computational Linguistics},
 address = {Stroudsburg, PA, USA},
}

@INPROCEEDINGS{1509234,
author={Winskel, G.},
booktitle={Logic in Computer Science, 2005. LICS 2005. Proceedings. 20th Annual IEEE Symposium on},
title={Name generation and linearity},
year={2005},
month={June},
pages={301-310},
keywords={category theory;group theory;process algebra;Lin monoidal-closed category;functor category;higher-order processes;join-preserving functions;linear types;name generation;new-HOPLA language;path orders;path-based domain theory;tensor;Computational modeling;Concrete;Concurrent computing;Distributed computing;Laboratories;Linearity;Logic;Power generation;Sufficient conditions;Tensile stress},
doi={10.1109/LICS.2005.30},
ISSN={1043-6871}
}

@article{Huffman,
  author = {Huffman, David A.},
  journal = {Proceedings of the Institute of Radio Engineers},
  month = {September},
  number = 9,
  pages = {1098-1101},
  title = {A Method for the Construction of Minimum-Redundancy Codes},
  url = {https://www.ic.tu-berlin.de/fileadmin/fg121/Source-Coding_WS12/selected-readings/10_04051119.pdf},
  volume = 40,
  year = 1952
}

@article{min-red-coding,
  title={Minimum-redundancy coding for the discrete noiseless channel},
  author={Karp, Richard M},
  journal={Information Theory, IRE Transactions on},
  volume={7},
  number={1},
  pages={27--38},
  year={1961},
  publisher={IEEE}
}

@book{Markov-chains,
  title={Markov Chains},
  author={Norris, J. R.},
  publisher={Cambridge University Press},
  year={1998},
  edition={1}
}

@book{jurafsky,
  title={Speech and Language Processing},
  author={Jurafsky, D. and Martin, J. H.},
  publisher={Pearson Education},
  year={2009},
  edition={2}
}

@misc{rfc3629,
  author="F. Yergeau",
  title="{UTF-8, a transformation format of ISO 10646}",
  series="Request for Comments",
  number="3629",
  howpublished="RFC 3629 (INTERNET STANDARD)",
  publisher="IETF",
  organization="Internet Engineering Task Force",
  year=2003,
  month=nov,
    url="http://www.ietf.org/rfc/rfc3629.txt",
}

@InProceedings{stanford-core-nlp,
  author = 	 {Kristina Toutanova and Dan Klein and Christopher Manning and Yoram Singer},
  title = 	 {Feature-Rich Part-of-Speech Tagging with a Cyclic Dependency Network},
  booktitle = {Proceedings of HLT-NAACL},
  pages = 	 {252-259},
  year = 	 {2003}
}

@InProceedings{mturk-buhrmester,
 author =   {Buhrmester, M. and Kwang, T. and Gosling, S. D.},
 title =    {Amazon's Mechanical Turk: A New Source of Inexpensive, Yet High-Quality, Data?},
 booktitle =    {Perspectives on Psychological Science},
 pages =    {3-5},
 year =  {2011}
}

@InProceedings{mturk-paolacci,
 author =   {Paolacci, G. and Chandler, J.},
 title =    {Inside the Turk: Understanding Mechanical Turk as a Participany Pool},
 booktitle =    {Current Directions in Psychological Science},
 pages =    {185-189},
 year =     {2014}
}

@InProceedings{mturk-experiments,
 author =   {Paolacci, G. and Chandler, J. and Ipeirotis, P. G.},
 title =    {Running Experiments on Amazon Mechanical Turk},
 journal={Judgment and Decision Making},
 volume={5},
 number={5},
 pages={411--419},
 year={2010},
 publisher={European Association for Decision Making}
}

@article{mturk-demographics,
  title={Demographics of mechanical turk},
  author={Ipeirotis, Panagiotis G},
  year={2010}
}

@article{mturk-evaluating,
  title={Evaluating online labor markets for experimental research: Amazon. com's Mechanical Turk},
  author={Berinsky, Adam J and Huber, Gregory A and Lenz, Gabriel S},
  journal={Political Analysis},
  volume={20},
  number={3},
  pages={351--368},
  year={2012},
  publisher={SPM-PMSAPSA}
}

@inproceedings{maxent,
  title={A maximum entropy model for part-of-speech tagging},
  author={Ratnaparkhi, Adwait and others},
  booktitle={Proceedings of the conference on empirical methods in natural language processing},
  volume={1},
  pages={133--142},
  year={1996},
  organization={Philadelphia, PA}
}

@InProceedings{emulab,
        Author = {Brian White and Jay Lepreau and Leigh Stoller and
                  Robert Ricci and Shashi Guruprasad and Mac Newbold and
                  Mike Hibler and Chad Barb and Abhijeet Joglekar},
        Title={An Integrated Experimental Environment
                 for Distributed Systems and Networks},
        booktitle = "Proceedings of the Fifth Symposium on Operating Systems Design and Implementation",
        organization = "{USENIX} {Association}",
        address = {Boston, MA},
        month  = dec,
        year   = 2002,
        pages  = "255--270"
}

@ARTICLE{watermarking,
author={Hartung, F. and Kutter, M.},
journal={Proceedings of the IEEE},
title={Multimedia watermarking techniques},
year={1999},
month={Jul},
volume={87},
number={7},
pages={1079-1107},
keywords={copy protection;copyright;image processing;multimedia systems;security of data;audio;copyright protection;data monitoring;data tracking;digital watermark;embedded information;host dat recipient information;host data origin information;host data status information;images;multimedia watermarking techniques;robustness;security;text documents;video;Copyright protection;Data security;Intellectual property;Laboratories;Monitoring;Multimedia communication;Paper technology;Radio broadcasting;Robustness;Watermarking},
doi={10.1109/5.771066},
ISSN={0018-9219},}

@INPROCEEDINGS{emulab-rigorous,
author={Perez-Garcia, A and Siaterlis, C. and Masera, M.},
booktitle={Distributed Simulation and Real Time Applications (DS-RT), 2010 IEEE/ACM 14th International Symposium on},
title={Studying Characteristics of an Emulab Testbed for Scientifically Rigorous Experiments},
year={2010},
month={Oct},
pages={215-218},
keywords={Internet;program testing;Emulab software;Emulab-based configurations;Internet;emulab testbed;emulation test beds;measurement accuracy;measurement interference;scientifically rigorous experiments;Accuracy;Delay;Emulation;Guidelines;Hardware;Software;Topology;emulation;fidelity;interference;measurement accuracy;network test-bed;repeatability},
doi={10.1109/DS-RT.2010.33},
ISSN={1550-6525},}

@ARTICLE{emulab-rigorous-2,
author={Siaterlis, C. and Garcia, AP. and Genge, B.},
journal={Communications Surveys Tutorials, IEEE},
title={On the Use of Emulab Testbeds for Scientifically Rigorous Experiments},
year={2013},
month={Second},
volume={15},
number={2},
pages={929-942},
keywords={Internet;Emulab software;Emulab-based experiments;Internet;configuration parameters;critical infrastructure;fidelity;hardware failure;interference;malicious human actions;measurement accuracy;natural disasters;protection;repeatability;response mechanisms;risks;scientifically rigorous experiments;software simulators;Bandwidth;Emulation;Hardware;Network topology;Servers;Software;Testing;Emulation;fidelity;network testbeds;repeatability;testbeds},
doi={10.1109/SURV.2012.0601112.00185},
ISSN={1553-877X},}

@article{aiml-basics,
  title={Chapter 3: Basic Components of AIML},
  author={McNeal, Michele L and Newyear, David},
  journal={Library Technology Reports},
  volume={49},
  number={8},
  pages={18--21},
  year={2013},
  publisher={ALA}
}

@book{gollmann,
author = {Gollmann, D.},
title = {Computer Security},
publisher = {Wiley},
year = {2012},
edition = {3}
}

@INPROCEEDINGS{graybot,
author={Sebastian, S. and Ayyappan, S. and Vinod, P.},
booktitle={Advances in Computing, Communications and Informatics (ICACCI, 2014 International Conference on},
title={Framework for design of Graybot in social network},
year={2014},
month={Sept},
pages={2331-2336},
keywords={Internet;computer network security;invasive software;social networking (online);Diffie Hellman key exchange;Graybot;Internet threats;Twitter;botclients;botmaster;botnet command and control;botserver;encrypted commands;malwares;social networking sites;Command and control systems;Cryptography;Internet;Malware;Servers;Twitter;Bot;Botnet;C&C;Twitter},
doi={10.1109/ICACCI.2014.6968575},}

@INPROCEEDINGS{socialclymene,
author={Ghanadi, M. and Abadi, M.},
booktitle={Telecommunications (IST), 2014 7th International Symposium on},
title={SocialClymene: A negative reputation system for covert botnet detection in social networks},
year={2014},
month={Sept},
pages={954-960},
keywords={Internet;computer network security;invasive software;social networking (online);steganography;Internet;PageRank-based negative reputation system;SocialClymene;botmaster commands;covert botnet detection;covert command channel;covert control channel;covert social network botnets;false alarm rate;negative reputation score;negative reputation subsystem;normalized suspicious values;online social networks;stego-botnet detection;suspicious group activities;suspicious group activity graph;Detectors;Facebook;Feature extraction;Kernel;Malware;Twitter;botnet detection;covert command and control channel;negative reputation system;social network;stego-botnet},
doi={10.1109/ISTEL.2014.7000840},}

@inproceedings{catchsync,
 author = {Jiang, Meng and Cui, Peng and Beutel, Alex and Faloutsos, Christos and Yang, Shiqiang},
 title = {CatchSync: Catching Synchronized Behavior in Large Directed Graphs},
 booktitle = {Proceedings of the 20th ACM SIGKDD International Conference on Knowledge Discovery and Data Mining},
 series = {KDD '14},
 year = {2014},
 isbn = {978-1-4503-2956-9},
 location = {New York, New York, USA},
 pages = {941--950},
 numpages = {10},
 url = {http://doi.acm.org.proxy.library.cpp.edu/10.1145/2623330.2623632},
 doi = {10.1145/2623330.2623632},
 acmid = {2623632},
 publisher = {ACM},
 address = {New York, NY, USA},
 keywords = {anomalous behavior, outlier detection, zombie follower},
} 

@article{net-behavior-detection,
 author = {Li, Shing-Han and Kao, Yu-Cheng and Zhang, Zong-Cyuan and Chuang, Ying-Ping and Yen, David C.},
 title = {A Network Behavior-Based Botnet Detection Mechanism Using PSO and K-means},
 journal = {ACM Trans. Manage. Inf. Syst.},
 issue_date = {April 2015},
 volume = {6},
 number = {1},
 month = apr,
 year = {2015},
 issn = {2158-656X},
 pages = {3:1--3:30},
 articleno = {3},
 numpages = {30},
 url = {http://doi.acm.org.proxy.library.cpp.edu/10.1145/2676869},
 doi = {10.1145/2676869},
 acmid = {2676869},
 publisher = {ACM},
 address = {New York, NY, USA},
 keywords = {Botnet, K-means clustering, network traffic analysis, particle swarm optimization},
} 